
@article{griffiths_introduction_2005,
	edition = {2nd Edition},
	title = {{Introduction} to {Quantum} {Mechanics}},
	isbn = {0-13-191175-9},
	publisher = {Pearson PH},
	author = {Griffiths, D. J.},
	year = {2005}
}

@article{deb_variational_2014,
	title = {Variational {Monte} {Carlo} technique},
	volume = {19},
	issn = {0973-712X},
	doi = {10.1007/s12045-014-0079-x},
	number = {8},
	journal = {Resonance},
	author = {Deb, S.},
	year = {2014},
	pages = {713--739}
}

@book{paldus_beginnings_2005,
	address = {Amsterdam},
	title = {The {Beginnings} of {Coupled}-{Cluster} {Theory}: {An} {Eyewitness} {Account}},
	isbn = {978-0-444-51719-7},
	publisher = {Elsevier},
	author = {Paldus, J.},
	year = {2005},
	doi = {10.1016/B978-044451719-7/50050-0}
}

@book{daniel_crawford_introduction_2007,
	title = {An {Introduction} to {Coupled} {Cluster} {Theory} for {Computational} {Chemists}},
	volume = {14},
	isbn = {978-0-470-12591-5},
	booktitle = {Rev {Comp} {Chem}},
	author = {Crawford, D. and Schaefer III, H.},
	year = {2007},
	doi = {10.1002/9780470125915.ch2},
	pages = {33 -- 136}
}

@article{legendre_nouvelles_1805,
	title = {Nouvelles m{\'e}thodes pour la d{\'e}termination des orbites des com{\`e}tes},
	author = {Legendre, A. M.},
	year = {1805}
}

@article{gauss_theoria_1809,
	title = {Theoria {Motus} {Corporum} {Coelestium} in {Sectionibus} {Conicis} {Solem} {Ambientum}},
	author = {Gauss, C. F.},
	year = {1809}
}

@article{leinaas_one_1977,
	title = {On the {Theory} of {Identical} {Particles}},
	volume = {\textbf{37}},
	number = {1},
	journal = {IL NUOVO CIMENTO},
	author = {Leinaas, J. M. and Myrheim, J.},
	year = {1977}
}

@article{stodolna_hydrogen_2013,
	title = {Hydrogen {Atoms} under {Magnification}: {Direct} {Observation} of the {Nodal} {Structure} of {Stark} {States}},
	volume = {110},
	doi = {10.1103/PhysRevLett.110.213001},
	number = {21},
	journal = {Physics Review Letters},
	author = {Stodolna, A. S. and Rouz{\'e}e, A. and L{\'e}pine, F. and Cohen, S. and Robicheaux, F. and Gijsbertsen, A. and Jungmann, J. H. and Bordas, C. and Vrakking, M. J. J.},
	year = {2013},
	pages = {213001}
}

@article{heisenberg_physics_1971,
	series = {Harper torchbooks. {The} {Academy} library},
	title = {Physics and {Beyond}: {Encounters} and {Conversations}},
	url = {https://books.google.no/books?id=O-dEAAAAIAAJ},
	publisher = {Allen and Unwin},
	author = {Heisenberg, W.},
	year = {1971},
	lccn = {78095963}
}

@article{ledum_simple_2016,
	title = {Simple {Variational} {Monte} {Carlo} solve for {FYS}4411},
	url = {https://github.com/mortele/variational-monte-carlo-fys4411},
	author = {Ledum, M.},
	year = {2016}
}

@article{taut_two_1993,
	title = {Two electrons in an external oscillator potential: {Particular} analytic solutions of a {Coulomb} correlation problem},
	volume = {48},
	doi = {10.1103/PhysRevA.48.3561},
	abstract = {The problem of the Schr{\"o}dinger equation for two electrons (interacting with Coulomb potentials) in an external harmonic-oscillator potential is revisited and shown to be solvable analytically for a particular, denumerably infinite set of oscillator frequencies. Solutions are given for ground and excited states in the singlet and triplet spin configurations.},
	number = {5},
	journal = {Physical Review A},
	author = {Taut, M.},
	year = {1993},
	pages = {3561--3566}
}

@article{carleo_solving_2017,
	title = {Solving the {Quantum} {Many}-{Body} {Problem} with {Artificial} {Neural} {Networks}},
	volume = {355},
	issn = {0036-8075, 1095-9203},
	doi = {10.1126/science.aag2302},
	number = {6325},
	journal = {Science},
	author = {Carleo, G. and Troyer, M.},
	year = {2017},
	pages = {602--606}
}

@article{calcavecchia_sign_2014,
	title = {On the {Sign} {Problem} of the {Fermionic} {Shadow} {Wave} {Function}},
	volume = {90},
	issn = {1539-3755, 1550-2376},
	doi = {10.1103/PhysRevE.90.053304},
	number = {5},
	journal = {Physical Review E},
	author = {Calcavecchia, F. and Pederiva, F. and Kalos, M. H. and K{\"u}hne, T. D.},
	year = {2014}
}

@book{szabo_modern_1996,
	address = {Mineola, N.Y},
	edition = {Revised ed. edition},
	title = {Modern {Quantum} {Chemistry}: {Introduction} to {Advanced} {Electronic} {Structure} {Theory}},
	isbn = {978-0-486-69186-2},
	publisher = {Dover Publications},
	author = {Szabo, A. and Ostlund, N. S.},
	year = {1996}
}

@article{kingma_adam:_2014,
	title = {Adam: {A} {Method} for {Stochastic} {Optimization}},
	url = {http://arxiv.org/abs/1412.6980},
	author = {Kingma, D. P. and Ba, J.},
	year = {2014},
	journal = {International Conference on Learning Representations}
}

@misc{fowler_bliki:_nodate,
	title = {Two Hard Things},
	shorttitle = {bliki},
	url = {https://martinfowler.com/bliki/TwoHardThings.html},
	author = {Fowler, M.}
}

@article{nordhagen_general_2019,
	title = {General variational {Monte}-{Carlo} solver written in {C}++: evenmn/{VMC}},
	url = {https://github.com/evenmn/VMC},
	author = {Nordhagen, E. M.},
	year = {2019}
}

@book{trahan_computational_2006,
	title = {Computational time for finding the inverse of a matrix: {LU} decomposition vs. naive gaussian elimination},
	journal = {University of South Florida},
	author = {Trahan, J. and Kaw, A. and Martin, K.},
	year = {2006}
}

@article{hogberget_quantum_2013,
	title = {Quantum {Monte}-{Carlo} {Studies} of {Generalized} {Many}-body {Systems}},
	url = {https://www.duo.uio.no/handle/10852/37167},
	author = {H{\o}gberget, J.},
	year = {2013}
}

@article{taut_two_1994,
	title = {Two electrons in a homogeneous magnetic field: particular analytical solutions},
	volume = {27},
	issn = {0305-4470},
	doi = {10.1088/0305-4470/27/3/040},
	number = {3},
	journal = {Journal of Physics A},
	author = {Taut, M.},
	year = {1994},
	pages = {1045--1055}
}

@misc{weisstein_matrix_nodate,
	title = {Matrix {Inverse}},
	url = {http://mathworld.wolfram.com/MatrixInverse.html},
	author = {Weisstein, E. W.}
}

@article{jelic_double_2012,
	title = {The double well potential in quantum mechanics: a simple, numerically exact formulation},
	volume = {33},
	issn = {0143-0807, 1361-6404},
	doi = {10.1088/0143-0807/33/6/1651},
	number = {6},
	journal = {European Journal of Physics},
	author = {Jelic, V. and Marsiglio, F.},
	year = {2012},
	pages = {1651--1666}
}

@article{manders_8.3:_2015,
	title = {8.3: {Distinguished} {Paper}: {Next}-{Generation} {Display} {Technology}: {Quantum}-{Dot} {LEDs}},
	volume = {46},
	issn = {2168-0159},
	doi = {10.1002/sdtp.10276},
	number = {1},
	journal = {SID Symposium Digest of Technical Papers},
	author = {Manders, J. R. and Qian, L. and Titov, A. and Hyvonen, J. and Tokarz-Scott, J. and Xue, J. and Holloway, P. H.},
	year = {2015},
	pages = {73--75}
}

@article{marzin_photoluminescence_1994,
	title = {Photoluminescence of {Single} {InAs} {Quantum} {Dots} {Obtained} by {Self}-{Organized} {Growth} on {GaAs}},
	volume = {73},
	doi = {10.1103/PhysRevLett.73.716},
	number = {5},
	journal = {Physical Review Letters},
	author = {Marzin, J. Y. and G{\'e}rard, J. M. and Izra{\"e}l, A. and Barrier, D. and Bastard, G.},
	year = {1994},
	pages = {716--719}
}

@article{brunner_sharp-line_1994,
	title = {Sharp-{Line} {Photoluminescence} and {Two}-{Photon} {Absorption} of {Zero}-{Dimensional} {Biexcitons} in a {GaAs}/{AlGaAs} {Structure}},
	volume = {73},
	doi = {10.1103/PhysRevLett.73.1138},
	number = {8},
	journal = {Physical Review Letters},
	author = {Brunner, K. and Abstreiter, G. and B{\"o}hm, G. and Tr{\"a}nkle, G. and Weimann, G.},
	year = {1994},
	pages = {1138--1141}
}

@article{ghosal_incipient_2007,
	title = {Incipient {Wigner} localization in circular quantum dots},
	volume = {76},
	doi = {10.1103/PhysRevB.76.085341},
	number = {8},
	urldate = {2019-06-20},
	journal = {Physical Review B},
	author = {Ghosal, Amit and G{\"u}{\c c}l{\"u}, A. D. and Umrigar, C. J. and Ullmo, Denis and Baranger, Harold U.},
	year = {2007},
	pages = {085341}
}

@article{mariadason_quantum_2018,
	title = {Quantum many-{Body} {Simulations} of {Double} {Dot} {System}},
	url = {https://www.duo.uio.no/handle/10852/64577},
	author = {Mariadason, A. A.},
	year = {2018}
}

@article{mehta_high-bias_2019,
	title = {A high-bias, low-variance introduction to {Machine} {Learning} for physicists},
	volume = {810},
	issn = {03701573},
	doi = {10.1016/j.physrep.2019.03.001},
	journal = {Physics Reports},
	author = {Mehta, P. and Bukov, M. and Wang, C. H. and Day, A.G.R. and Richardson, C. and Fisher, C. K. and Schwab, D. J.},
	year = {2019},
	note = {arXiv: 1803.08823},
	keywords = {Condensed Matter - Statistical Mechanics, Physics - Computational Physics, Computer Science - Machine Learning, Statistics - Machine Learning},
	pages = {1--124}
}

@article{bajdich_electronic_2010,
	title = {Electronic structure quantum {Monte} {Carlo}},
	doi = {10.2478/v10155.009.0002.3},
	journal = {Acta Physica Slovaca},
	author = {Bajdich, M. and Mitas, L.},
	year = {2010},
	number = {2},
	volume = {59},
	pages = {81 -- 168}
}

@article{pederiva_diffusion_2000,
	title = {Diffusion {Monte} {Carlo} study of circular quantum dots},
	volume = {62},
	issn = {0163-1829, 1095-3795},
	doi = {10.1103/PhysRevB.62.8120},
	number = {12},
	journal = {Physical Review B},
	author = {Pederiva, F. and Umrigar, C. J. and Lipparini, E.},
	year = {2000},
	pages = {8120--8125}
}

@article{flugsrud_vilde_moe_solving_nodate,
	title = {Solving {Quantum} {Mechanical} {Problems} with {Machine} {Learning}},
	url = {https://www.duo.uio.no/handle/10852/65997},
	author = {Flugsrud, V. M.},
	year = {2018}
}

@article{krizhevsky_imagenet_2012,
	title = {{ImageNet} {Classification} with {Deep} {Convolutional} {Neural} {Networks}},
	url = {http://papers.nips.cc/paper/4824-imagenet-classification-with-deep-convolutional-neural-networks.pdf},
	volume = {25},
	journal = {Advances in {Neural} {Information} {Processing} {Systems}},
	author = {Krizhevsky, A. and Sutskever, I. and Hinton, G. E.},
	year = {2012},
	pages = {1097--1105}
}

@misc{sherrill_david_postulates_2003,
	title = {Postulates of {Quantum} {Mechanics}},
	url = {http://vergil.chemistry.gatech.edu/notes/intro_estruc/node4.html},
	author = {Sherrill, D.},
	year = {2003}
}

@article{nissenbaum_stochastic_2008,
	title = {The stochastic gradient approximation: an application to li nanoclusters.},
	url = {https://repository.library.northeastern.edu/files/neu:1790},
	author = {Nissenbaum, D. A.},
	year = {2008}
}

@book{dirac_paul_adrien_maurice_quantum_1929,
	title = {Quantum mechanics of many-electron systems},
	volume = {123},
	doi = {10.1098/rspa.1929.0094},
	number = {792},
	journal = {Proceedings of the Royal Society A},
	author = {Dirac, P. A. M. and Fowler, R. H.},
	year = {1929},
	pages = {714--733}
}

@article{fock_bemerkung_1930,
	title = {Bemerkung zum {Virialsatz}},
	volume = {63},
	issn = {0044-3328},
	doi = {10.1007/BF01339281},
	number = {11},
	journal = {Zeitschrift f{\"u}r Physik},
	author = {Fock, V.},
	year = {1930},
	pages = {855--858}
}

@article{clausius_xvi._1870,
	title = {{XVI}. {On} a mechanical theorem applicable to heat},
	volume = {40},
	issn = {1941-5982},
	doi = {10.1080/14786447008640370},
	number = {265},
	journal = {The London, Edinburgh, and Dublin Philosophical Magazine and Journal of Science},
	author = {Clausius, R.},
	year = {1870},
	pages = {122--127}
}

@misc{morten_hjorth-jensen_computational_2019,
	title = {Computational {Physics} 2: {Variational} {Monte} {Carlo} methods},
	url = {http://compphysics.github.io/ComputationalPhysics2/doc/pub/vmc/html/vmc-reveal.html},
	author = {Hjorth-Jensen, M.},
	year = {2019}
}

@article{hehre_selfconsistent_1969,
	title = {Self-{Consistent} {Molecular}-{Orbital} {Methods}. {I}. {Use} of {Gaussian} {Expansions} of {Slater}-{Type} {Atomic} {Orbitals}},
	volume = {51},
	issn = {0021-9606},
	doi = {10.1063/1.1672392},
	number = {6},
	journal = {The Journal of Chemical Physics},
	author = {Hehre, W. J. and Stewart, R. F. and Pople, J. A.},
	year = {1969},
	pages = {2657--2664}
}

@misc{giuseppe_carleo_neural-network_2017,
	title = {Neural-{Network} {Quantum} {States}},
	url = {https://gitlab.com/nqs/ucas_workshop/blob/master/lecture_notes.pdf},
	journal = {GitLab},
	author = {Carleo, G.},
	year = {2017}
}

@article{alom_history_2018,
	title = {The {History} {Began} from {AlexNet}: {A} {Comprehensive} {Survey} on {Deep} {Learning} {Approaches}},
	url = {http://arxiv.org/abs/1803.01164},
	journal = {arXiv:1803.01164 [cs]},
	author = {Alom, Z. and Taha, T. M. and Yakopcic, C. and Westberg, S. and Sidike, P. and Nasrin, S. and Van Esesn, B. C. and Awwal, A. A. S. and Asari, V. K.},
	year = {2018}
}

@article{rumelhart_learning_1986,
	title = {Learning representations by back-propagating errors},
	volume = {323},
	issn = {1476-4687},
	doi = {10.1038/323533a0},
	language = {en},
	number = {6088},
	journal = {Nature},
	author = {Rumelhart, D. E. and Hinton, G. E. and Williams, R. J.},
	year = {1986},
	pages = {533}
}

@misc{nordhagen_computational_2018,
	title = {Computational physics {II}: {Quantum} mechanical systems: evenmn/{FYS}4411},
	url = {https://github.com/evenmn/FYS4411},
	author = {Gjestvang, D. and Nordhagen, E. M.},
	year = {2018}
}

@article{jonsson_standard_2018,
	title = {Standard error estimation by an automated blocking method},
	volume = {98},
	doi = {10.1103/PhysRevE.98.043304},
	number = {4},
	journal = {Physical Review E},
	author = {Jonsson, M.},
	year = {2018},
	pages = {043304}
}

@article{flyvbjerg_error_1989,
	title = {Error estimates on averages of correlated data},
	volume = {91},
	issn = {0021-9606},
	doi = {10.1063/1.457480},
	number = {1},
	journal = {The Journal of Chemical Physics},
	author = {Flyvbjerg, H. and Petersen, H. G.},
	year = {1989},
	pages = {461--466}
}

@article{jonsson_standard_2018-1,
	title = {Standard error estimation by an automated blocking method},
	url = {https://www.duo.uio.no/handle/10852/63557},
	author = {Jonsson, M.},
	year = {2018}
}

@article{hinton_improving_2012,
	title = {Improving neural networks by preventing co-adaptation of feature detectors},
	url = {http://arxiv.org/abs/1207.0580},
	journal = {arXiv:1207.0580 [cs]},
	author = {Hinton, G. E. and Srivastava, N. and Krizhevsky, A. and Sutskever, I. and Salakhutdinov, R. R.},
	year = {2012}
}

@article{dirac_new_1939,
	title = {A new notation for quantum mechanics},
	volume = {35},
	issn = {1469-8064, 0305-0041},
	doi = {10.1017/S0305004100021162},
	number = {3},
	journal = {Mathematical Proceedings of the Cambridge Philosophical Society},
	author = {Dirac, P. A. M.},
	year = {1939},
	pages = {416--418}
}

@article{fischer_training_2014,
	title = {Training restricted {Boltzmann} machines: {An} introduction},
	volume = {47},
	issn = {0031-3203},
	doi = {10.1016/j.patcog.2013.05.025},
	number = {1},
	journal = {Pattern Recognition},
	author = {Fischer, A. and Igel, C.},
	year = {2014},
	pages = {25--39}
}

@article{ackley_learning_1985,
	title = {A {Learning} {Algorithm} for {Boltzmann} {Machines}*},
	volume = {9},
	issn = {1551-6709},
	doi = {10.1207/s15516709cog0901_7},
	number = {1},
	journal = {Cognitive Science},
	author = {Ackley, D. H. and Hinton, G. E. and Sejnowski, T. J.},
	year = {1985},
	pages = {147--169}
}

@article{metropolis_equation_1953,
	title = {Equation of {State} {Calculations} by {Fast} {Computing} {Machines}},
	volume = {21},
	issn = {0021-9606},
	doi = {10.1063/1.1699114},
	number = {6},
	journal = {The Journal of Chemical Physics},
	author = {Metropolis, N. and Rosenbluth, A. W. and Rosenbluth, M. N. and Teller, A. H. and Teller, E.},
	year = {1953},
	pages = {1087--1092}
}

@article{hastings_monte_1970,
	title = {Monte {Carlo} sampling methods using {Markov} chains and their applications},
	volume = {57},
	issn = {0006-3444},
	doi = {10.1093/biomet/57.1.97},
	language = {en},
	number = {1},
	urldate = {2019-07-22},
	journal = {Biometrika},
	author = {Hastings, W. K.},
	year = {1970},
	pages = {97--109}
}

@article{assaraf_zero-variance_2003,
	title = {Zero-{Variance} {Zero}-{Bias} {Principle} for {Observables} in quantum {Monte} {Carlo}: {Application} to {Forces}},
	volume = {119},
	issn = {0021-9606, 1089-7690},
	doi = {10.1063/1.1621615},
	number = {20},
	journal = {The Journal of Chemical Physics},
	author = {Assaraf, R. and Caffarel, M.},
	year = {2003}
}

@book{cohen_quantities_2007,
	title = {Quantities, {Units} and {Symbols} in {Physical} {Chemistry}},
	isbn = {978-0-85404-433-7},
	author = {Cohen, R. and Cvitas, T. and Frey, J. G. and Holstrom, B. and Kuchitsu, K.},
	year = {2007},
	doi = {10.1039/9781847557889}
}

@misc{iso/tc_12_iso_nodate,
	title = {{ISO} 80000-2:2009},
	url = {http://www.iso.org/cms/render/live/en/sites/isoorg/contents/data/standard/03/18/31887.html},
	journal = {ISO},
	author = {{ISO/TC 12}},
}

@misc{iso/tc_12_iso_nodate-1,
	title = {{ISO} 80000-9:2009},
	url = {http://www.iso.org/cms/render/live/en/sites/isoorg/contents/data/standard/03/18/31894.html},
	journal = {ISO},
	author = {{ISO/TC 12}}
}

@article{metropolis_monte_1949,
	title = {The {Monte} {Carlo} {Method}},
	volume = {44},
	issn = {0162-1459},
	doi = {10.1080/01621459.1949.10483310},
	number = {247},
	journal = {Journal of the American Statistical Association},
	author = {Metropolis, N. and Ulam, S.},
	year = {1949},
	pmid = {18139350},
	pages = {335--341}
}

@article{ceperley_quantum_1986,
	title = {Quantum {Monte} {Carlo}},
	volume = {231},
	issn = {0036-8075, 1095-9203},
	doi = {10.1126/science.231.4738.555},
	number = {4738},
	journal = {Science},
	author = {Ceperley, D. and Alder, B.},
	year = {1986},
	pmid = {17750966},
	pages = {555--560}
}

@inproceedings{tantau_graph_2013,
	series = {Lecture {Notes} in {Computer} {Science}},
	title = {Graph {Drawing} in {TikZ}},
	isbn = {978-3-642-36763-2},
	language = {en},
	publisher = {Springer Berlin Heidelberg},
	author = {Tantau, T.},
	year = {2013},
	pages = {517--528}
}

@article{hunter_matplotlib:_2007,
	title = {Matplotlib: {A} 2D {Graphics} {Environment}},
	volume = {9},
	issn = {1521-9615},
	doi = {10.1109/MCSE.2007.55},
	number = {3},
	journal = {Computing in Science Engineering},
	author = {Hunter, J. D.},
	year = {2007},
	pages = {90--95}
}

@article{helgaker_perspective_2000,
	title = {Perspective on {\textquotedblleft}{Neue} {Berechnung} der {Energie} des {Heliums} im {Grundzustande}, sowie des tiefsten {Terms} von {Ortho}-{Helium}{\textquotedblright}},
	volume = {103},
	issn = {1432-2234},
	doi = {10.1007/s002149900051},
	number = {3},
	journal = {Theoretical Chemistry Accounts},
	author = {Helgaker, T. and Klopper, W.},
	year = {2000},
	pages = {180--181}
}

@article{hartree_wave_1928,
	title = {The {Wave} {Mechanics} of an {Atom} with a {Non}-{Coulomb} {Central} {Field}. {Part} {II}. {Some} {Results} and {Discussion}},
	volume = {24},
	issn = {1469-8064, 0305-0041},
	doi = {10.1017/S0305004100011920},
	number = {1},
	journal = {Mathematical Proceedings of the Cambridge Philosophical Society},
	author = {Hartree, D. R.},
	year = {1928},
	pages = {111--132}
}

@article{fock_selfconsistent_1930,
	title = {{\quotedblbase}{Selfconsistent} field{\textquotedblleft} mit {Austausch} f{\"u}r {Natrium}},
	volume = {62},
	issn = {0044-3328},
	doi = {10.1007/BF01330439},
	number = {11},
	journal = {Zeitschrift f{\"u}r Physik},
	author = {Fock, V.},
	year = {1930},
	pages = {795--805}
}

@book{gustafsson_scientific_2018,
	series = {Texts in {Computational} {Science} and {Engineering}},
	title = {Scientific {Computing}: {A} {Historical} {Perspective}},
	isbn = {978-3-319-69846-5},
	url = {https://www.springer.com/gp/book/9783319698465},
	publisher = {Springer International Publishing},
	author = {Gustafsson, B.},
	year = {2018}
}

@article{allen_history_1981,
	title = {The {History} of {Language} {Processor} {Technology} in {IBM}},
	volume = {25},
	issn = {0018-8646},
	doi = {10.1147/rd.255.0535},
	number = {5},
	journal = {IBM Journal of Research and Development},
	author = {Allen, F. E.},
	year = {1981},
	pages = {535--548}
}

@article{holmevik_compiling_1994,
	title = {Compiling {SIMULA}: a historical study of technological genesis},
	volume = {16},
	issn = {1058-6180},
	doi = {10.1109/85.329756},
	number = {4},
	journal = {IEEE Annals of the History of Computing},
	author = {Holmevik, J. R.},
	year = {1994},
	pages = {25--37}
}

@article{kosztin_introduction_1996,
	title = {Introduction to the {Diffusion} {Monte} {Carlo} {Method}},
	volume = {64},
	issn = {0002-9505, 1943-2909},
	doi = {10.1119/1.18168},
	number = {5},
	journal = {American Journal of Physics},
	author = {Kosztin, I. and Faber, B. and Schulten, K.},
	year = {1996},
	pages = {633--644}
}

@article{born_zur_1926,
	title = {Zur {Quantenmechanik} der {Sto{\ss}vorg{\"a}nge}},
	volume = {37},
	issn = {0044-3328},
	doi = {10.1007/BF01397477},
	number = {12},
	journal = {Zeitschrift f{\"u}r Physik},
	author = {Born, M.},
	year = {1926},
	pages = {863--867}
}

@article{heisenberg_uber_1925,
	title = {{\"U}ber quantentheoretische {Umdeutung} kinematischer und mechanischer {Beziehungen}.},
	volume = {33},
	issn = {0044-3328},
	doi = {10.1007/BF01328377},
	number = {1},
	journal = {Zeitschrift f{\"u}r Physik},
	author = {Heisenberg, W.},
	year = {1925},
	pages = {879--893}
}

@article{einstein_can_1935,
	title = {Can {Quantum}-{Mechanical} {Description} of {Physical} {Reality} {Be} {Considered} {Complete}?},
	volume = {47},
	doi = {10.1103/PhysRev.47.777},
	number = {10},
	journal = {Physical Review},
	author = {Einstein, A. and Podolsky, B. and Rosen, N.},
	year = {1935},
	pages = {777--780}
}

@article{moreau_imaging_2019,
	title = {Imaging {Bell}-type nonlocal behavior},
	volume = {5},
	issn = {2375-2548},
	doi = {10.1126/sciadv.aaw2563},
	number = {7},
	journal = {Science Advances},
	author = {Moreau, P. A. and Toninelli, E. and Gregory, T. and Aspden, R. S. and Morris, P. A. and Padgett, M. J.},
	year = {2019},
	pages = {eaaw2563},
}

@article{schrodinger_undulatory_1926,
	title = {An {Undulatory} {Theory} of the {Mechanics} of {Atoms} and {Molecules}},
	volume = {28},
	doi = {10.1103/PhysRev.28.1049},
	number = {6},
	journal = {Physical Review},
	author = {Schr{\"o}dinger, E.},
	year = {1926},
	pages = {1049--1070}
}

@book{heisenberg_across_1990,
	title = {Across the frontiers},
	isbn = {978-0-918024-80-0},
	language = {en},
	publisher = {Ox Bow Press},
	author = {Heisenberg, W.},
	year = {1990}
}

@article{rajasekar_ludwig_2006,
	title = {Ludwig {Edward} {Boltzmann}},
	url = {http://arxiv.org/abs/physics/0609047},
	journal = {arXiv:physics/0609047},
	author = {Rajasekar, S. and Athavan, N.},
	year = {2006}
}

@article{cellan-jones_hawking:_2014,
	chapter = {Technology},
	title = {Hawking: {AI} could end human race},
	shorttitle = {Hawking},
	url = {https://www.bbc.com/news/technology-30290540},
	urldate = {2019-08-12},
	journal = {BBC News},
	author = {Cellan-Jones, R.},
	year = {2014}
}

@book{vance_elon_2015,
	edition = {Reprint edition},
	title = {Elon {Musk}: {Tesla}, {SpaceX}, and the {Quest} for a {Fantastic} {Future}},
	publisher = {Ecco},
	author = {Vance, A.},
	year = {2015}
}

@article{hornik_multilayer_1989,
	title = {Multilayer feedforward networks are universal approximators},
	volume = {2},
	issn = {0893-6080},
	doi = {10.1016/0893-6080(89)90020-8},
	number = {5},
	journal = {Neural Networks},
	author = {Hornik, K. and Stinchcombe, M. and White, H.},
	year = {1989},
	pages = {359--366}
}

@book{domingos_master_2015,
	title = {The {Master} {Algorithm}: {How} the {Quest} for the {Ultimate} {Learning} {Machine} {Will} {Remake} {Our} {World}},
	isbn = {978-0-241-00455-5},
	publisher = {Penguin UK},
	author = {Domingos, P.},
	year = {2015}
}

@article{degroote_faddeev_2013,
	title = {Faddeev random phase approximation applied to molecules},
	volume = {218},
	issn = {1951-6401},
	doi = {10.1140/epjst/e2013-01772-8},
	number = {1},
	journal = {The European Physical Journal Special Topics},
	author = {Degroote, M.},
	year = {2013},
	pages = {1--70}
}

@article{odom_new_2006,
	title = {New {Measurement} of the {Electron} {Magnetic} {Moment} {Using} a {One}-{Electron} {Quantum} {Cyclotron}},
	volume = {97},
	doi = {10.1103/PhysRevLett.97.030801},
	number = {3},
	journal = {Physical Review Letters},
	author = {Odom, B. and Hanneke, D. and D{\textquoteright}Urso, B. and Gabrielse, G.},
	year = {2006},
	pages = {030801}
}

@article{pfau2019abinitio,
    title={Ab-Initio Solution of the Many-Electron Schrödinger Equation with Deep Neural Networks},
    author={Pfau, D. and Spencer, J. S. and Matthews, A. G. G. and Foulkes, W. M. C.},
    year={2019},
    archivePrefix={arXiv},
    primaryClass={physics.chem-ph}
}

@article{kalos,
  title = {Monte Carlo Calculations of the Ground State of Three- and Four-Body Nuclei},
  author = {Kalos, M. H.},
  journal = {Physical Review},
  volume = {128},
  issue = {4},
  pages = {1791--1795},
  year = {1962},
  publisher = {American Physical Society},
  doi = {10.1103/PhysRev.128.1791},
}

@article{nordhagen_even_marius_2019_3477946,
	author       = {Nordhagen, E. M.},
	title        = {{Ground state properties of quantum dots provided 
	by VMC and RBM}},
	year         = 2019,
	publisher    = {Zenodo},
	doi          = {10.5281/zenodo.3477946},
}

@article{silver2016mastering,
    title	= {Mastering the game of Go with deep neural networks and tree search},
    author	= {Silver, D and Huang, A and Maddison, C. J. and Guez, A. and Sifre, L. and Driessche, G. and Schrittwieser, J and Antonoglou, I. and Panneershelvam, V. and Lanctot, M. and Dieleman, S. and Grewe, D. and Nham, J. and Kalchbrenner, N. and Sutskever, I. and Lillicrap, T. and Leach, M. and Kavukcuoglu, K. and Graepel, T. and Hassabis, D.},
    year	= {2016},
    URL	= {http://www.nature.com/nature/journal/v529/n7587/full/nature16961.html},
    journal	= {Nature},
    pages	= {484--503},
    volume	= {529}
}

@article{silver2017mastering,
    title={Mastering Chess and Shogi by Self-Play with a General Reinforcement Learning Algorithm},
    author={Silver, D and Hubert, T and Schrittwieser, J and Antonoglou, I and Lai, M and Guez, A and Lanctot, M and Sifre, L and Kumaran, D and Graepel, T and Lillicrap, T and Simonyan, K and Hassabis, D},
    year={2017},
    eprint={1712.01815},
    archivePrefix={arXiv},
    primaryClass={cs.AI}
}

@article{troyer_computational_2005,
  title = {Computational Complexity and Fundamental Limitations to Fermionic Quantum Monte Carlo Simulations},
  author = {Troyer, M. and Wiese, U-J.},
  journal = {Physics Review Letters},
  volume = {94},
  issue = {17},
  pages = {170201},
  numpages = {4},
  year = {2005},
  publisher = {American Physical Society},
  doi = {10.1103/PhysRevLett.94.170201}
}

@misc{noauthor_samsung_nodate,
	title = {Samsung {QLED} {TV} {\textbar} {The} {Frame} {\textbar} {Premium} {UHD} {TV}},
	url = {//www.samsung.com/global/tv/blog/why-are-quantum-dot-displays-so-good/},
	abstract = {Discover our exclusive news and information about Samsung TVs worldwide.},
	language = {en-GB},
	urldate = {2019-10-17},
	journal = {Samsung global},
	file = {Snapshot:/home/evenmn/Zotero/storage/Z5JR25IY/why-are-quantum-dot-displays-so-good.html:text/html}
}

@article{wu_googles_2016,
	title = {Google's {Neural} {Machine} {Translation} {System}: {Bridging} the {Gap} between {Human} and {Machine} {Translation}},
	url = {http://arxiv.org/abs/1609.08144},
	journal = {arXiv:1609.08144 [cs]},
	author = {Wu, Y. and Schuster, M. and Chen, Z. and Le, Q. V. and Norouzi, M. and Macherey, W. and Krikun, M. and Cao, Y. and Gao, Q. and Macherey, K. and Klingner, J. and Shah, A. and Johnson, M. and Liu, X. and Kaiser, L. and Gouws, S. and Kato, Y. and Kudo, T. and Kazawa, H. and Stevens, K. and Kurian, G. and Patil, N. and Wang, W. and Young, C. and Smith, J. and Riesa, J. and Rudnick, A. and Vinyals, O. and Corrado, G. and Hughes, M. and Dean, J.},
	year = {2016}
}

@misc{smith_ios_2016,
	title = {{iOS} 10: {Siri} now works in third-party apps, comes with extra {AI} features},
	shorttitle = {{iOS} 10},
	url = {https://bgr.com/2016/06/13/ios-10-siri-third-party-apps/},
	abstract = {One of the main iOS 10 features concerns Siri, Apple{\textquoteright}s virtual assistant that{\textquoteright}s now getting smarter than ever with the help of developers.},
	language = {en},
	urldate = {2019-06-27},
	journal = {BGR},
	author = {Smith, C.},
	year = {2016},
}

@misc{noauthor_bringing_nodate,
	title = {Bringing the {Magic} of {Amazon} {AI} and {Alexa} to {Apps} on {AWS}. - {All} {Things} {Distributed}},
	url = {https://www.allthingsdistributed.com/2016/11/amazon-ai-and-alexa-for-all-aws-apps.html},
	urldate = {2019-06-27},
	language = {en},
	file = {Bringing the Magic of Amazon AI and Alexa to Apps on AWS. - All Things Distributed:/home/evenmn/Zotero/storage/CYHUMAGG/amazon-ai-and-alexa-for-all-aws-apps.html:text/html}
}

@article{noauthor_quantum_2005,
	chapter = {Science},
	title = {A {Quantum} {Sampler}},
	issn = {0362-4331},
	url = {https://www.nytimes.com/2005/12/26/science/a-quantum-sampler.html},
	language = {en},
	urldate = {2019-07-03},
	journal = {The New York Times},
	month = dec,
	year = {2005}
}

@misc{noauthor_training_nodate,
	title = {Training {Restricted} {Boltzmann} {Machines}: {An} {Introduction}*},
	url = {https://webcache.googleusercontent.com/search?q=cache:JHzm9N4wEaoJ:https://christian-igel.github.io/paper/TRBMAI.pdf+&cd=1&hl=en&ct=clnk&gl=no&client=ubuntu},
	language = {en},
	urldate = {2019-07-20},
	file = {Training Restricted Boltzmann Machines\: An Introduction*:/home/evenmn/Zotero/storage/MCX2UX8K/search.html:text/html}
}

@misc{woods_usage_nodate,
	title = {Usage of comma operator - {Google} {Groups}},
	url = {https://groups.google.com/forum/#!msg/comp.lang.c++/rYCO5yn4lXw/oITtSkZOtoUJ},
	urldate = {2019-07-26},
	language = {en},
	author = {Woods, J. F.},
	file = {Usage of comma operator - Google Groups:/home/evenmn/Zotero/storage/EA82FDW9/forum.html:text/html}
}

@misc{noauthor_c++_2017,
	title = {C++ {Data} {Types}},
	url = {https://www.geeksforgeeks.org/c-data-types/},
	abstract = {All variables use data-type during declaration to restrict the type of data to be stored. Therefore, we can say that data types are used to{\textellipsis} Read More {\guillemotright}},
	language = {en},
	urldate = {2019-07-26},
	journal = {GeeksforGeeks},
	month = may,
	year = {2017},
	file = {Snapshot:/home/evenmn/Zotero/storage/HXJKGVSF/c-data-types.html:text/html}
}

@misc{aldanial_cloc_2019,
	title = {cloc counts blank lines, comment lines, and physical lines of source code in many programming languages.: {AlDanial}/cloc},
	copyright = {GPL-2.0},
	shorttitle = {cloc counts blank lines, comment lines, and physical lines of source code in many programming languages.},
	url = {https://github.com/AlDanial/cloc},
	urldate = {2019-07-27},
	language = {en},
	author = {AlDanial},
	month = jul,
	year = {2019},
	note = {original-date: 2015-09-07T03:30:43Z}
}

@misc{noauthor_mit_nodate,
	title = {{MIT} {License}},
	url = {https://choosealicense.com/licenses/mit/},
	abstract = {A short and simple permissive license with conditions only requiring preservation of copyright and license notices. Licensed works, modifications, and larger works may be distributed under different terms and without source code.},
	language = {en},
	urldate = {2019-07-29},
	journal = {Choose a License},
	file = {Snapshot:/home/evenmn/Zotero/storage/E222C63X/mit.html:text/html}
}

@inproceedings{larochelle_classification_2008,
	series = {{ICML} '08},
	title = {Classification {Using} {Discriminative} {Restricted} {Boltzmann} {Machines}},
	isbn = {978-1-60558-205-4},
	doi = {10.1145/1390156.1390224},
	urldate = {2019-08-13},
	journal = {Proceedings of the 25th {International} {Conference} on {Machine} {Learning}},
	publisher = {ACM},
	author = {Larochelle, H. and Bengio, Y.},
	year = {2008},
	pages = {536--543}
}

@inproceedings{coates_analysis_2011,
	title = {An {Analysis} of {Single}-{Layer} {Networks} in {Unsupervised} {Feature} {Learning}},
	url = {http://proceedings.mlr.press/v15/coates11a.html},
	booktitle = {Proceedings of the {Fourteenth} {International} {Conference} on {Artificial} {Intelligence} and {Statistics}},
	author = {Coates, A. and Ng, A. and Lee, H.},
	year = {2011},
	pages = {215--223}
}

@misc{noauthor_edisonian_nodate,
	title = {The {Edisonian} - {Volume} 8 {The} {Thomas} {Edison} {Papers} at {Rutgers} {University}},
	url = {http://edison.rutgers.edu/newsletter9.html},
	urldate = {2019-08-15},
	file = {The Edisonian - Volume 8 The Thomas Edison Papers at Rutgers University:/home/evenmn/Zotero/storage/EJJC3JU5/newsletter9.html:text/html}
}

@misc{noauthor_what_nodate,
	title = {What are the applications of quantum harmonic oscillator in different fields? - {Quora}},
	url = {https://www.quora.com/What-are-the-applications-of-quantum-harmonic-oscillator-in-different-fields},
	urldate = {2019-09-10},
	file = {What are the applications of quantum harmonic oscillator in different fields? - Quora:/home/evenmn/Zotero/storage/6HWU3LJZ/What-are-the-applications-of-quantum-harmonic-oscillator-in-different-fields.html:text/html}
}

@misc{noauthor_machine_nodate,
	title = {Machine {Learning} - {Stanford} {University}},
	url = {http://mlclass.stanford.edu/},
}
